@inproceedings{john2012framework,
  title={A framework for the description, discovery and composition of restful semantic web services},
  author={John, Davis and Rajasree, MS},
  booktitle={Proceedings of the Second International Conference on Computational Science, Engineering and Information Technology},
  pages={88--93},
  year={2012},
  organization={ACM}
}
@article{brickley2004rdf,
  title={$\{$RDF vocabulary description language 1.0: RDF schema$\}$},
  author={Brickley, Dan and Guha, Ramanathan V},
  year={2004}
}
@article{chinnici2007web,
  title={Web services description language (wsdl) version 2.0 part 1: Core language},
  author={Chinnici, Roberto and Moreau, Jean-Jacques and Ryman, Arthur and Weerawarana, Sanjiva},
  journal={W3C recommendation},
  volume={26},
  pages={19},
  year={2007}
}
@article{hadley2006web,
  title={Web application description language (WADL)},
  author={Hadley, Marc J},
  year={2006},
  publisher={Sun Microsystems, Inc.}
}
@inproceedings{kopecky2008hrests,
  title={hrests: An html microformat for describing restful web services},
  author={Kopecky, Jacek and Gomadam, Karthik and Vitvar, Tomas},
  booktitle={Web Intelligence and Intelligent Agent Technology, 2008. WI-IAT'08. IEEE/WIC/ACM International Conference on},
  volume={1},
  pages={619--625},
  year={2008},
  organization={IEEE}
}
@article{adida2008rdfa,
  title={RDFa primer: Bridging the human and data webs},
  author={Adida, Ben and Birbeck, Mark},
  journal={Retrieved June},
  volume={20},
  pages={2008},
  year={2008}
}
@article{gomadam2010sa,
  title={SA-REST: semantic annotation of Web resources},
  author={Gomadam, Karthik and Ranabahu, Ajith and Sheth, Amit},
  journal={W3C Member Submission},
  volume={5},
  year={2010}
}
@inproceedings{lanthaler2011semantic,
  title={A semantic description language for RESTful data services to combat Semaphobia},
  author={Lanthaler, Markus and Gutl, C},
  booktitle={Digital Ecosystems and Technologies Conference (DEST), 2011 Proceedings of the 5th IEEE International Conference on},
  pages={47--53},
  year={2011},
  organization={IEEE}
}
@online{jsplumb,
  author = {jsPlumb},
  title = {jsPlumb Documentation},
  url = {http://jsplumbtoolkit.com/doc/home.html},
  urldate = {01-04-2013}
}
@online{ift,
  author = {IFTTT},
  title = {IFTTT Service},
  url = {https://ifttt.com/wtf},
  urldate = {01-04-2013}
}
@online{rdf,
  author = {W3C},
  title = {W3C's List of Documents about RDF},
  url = {http://www.w3.org/standards/techs/rdf},
  urldate = {01-04-2013}
}
@online{pip,
  author = {Yahoo},
  title = {Yahoo! Pipes},
  url = {http://pipes.yahoo.com},
  urldate = {01-04-2013}
}